
@string{WHO = {World Health Organization}}
@manual{who-guide,
author = {Holder Y and Peden M and Krug E},
title = {Injury surveillance guidelines},
location = {Geneva},
publisher = WHO,
year = 2001
}
@article{who-article,
author = WHO,
title = {Injuries and violence: the facts 2014},
publisher = WHO,
year = 2014
}

@book{denscombe,
	author = {Martyn Denscombe},
	title = {Good Research Guide : For small-scale social research projects},
	publisher = {Open University Press},
	year = 2010
}

@web{snl-sri-lanka,
	author = {Siv Haugan},
	title = {Sri Lanka},
	howpublished = {\url{https://snl.no/Sri_Lanka}},
	note = {Accessed: 2015-03-14}
}

@web{udep-sri-lanka,
	author = {Utenriksdepartementet},
	title = {Sri Lanka - Bilaterale forbindelser},
	howpublished = {\url{http://www.landsider.no/land/srilanka/fakta/bilaterale/}},
	note = {Accessed: 2015-03-14}
}
