@string{WHO = {World Health Organization}}

@manual{who-guide,
	author = {Holder Y and Peden M and Krug E},
	title = {Injury surveillance guidelines},
	location = {Geneva},
	publisher = WHO, 
	year = 2001
}

@article{who-article,
	author = WHO,
	title = {Injuries and violence: the facts 2014},
	publisher = WHO,
	year = 2014
}

@article{standard,
  title={Feasibility of standardized injury surveillance and reporting: a comparison of data from four Asian nations},
  author={Nakahara, Shinji and Jayatilleke, AU and Ichikawa, M and Marasinghe, A and Kimura, Akihiko and Yoshida, K},
  year={2008},
  publisher={BMJ Publishing Group Ltd}
}
